@misc{tutoGameLoop,
  key = {gameLoop},
  title = {Retro Chicken, tutoriel pour la game loop},
  note = {\url{https://www.youtube.com/watch?v=OojQitoAEXs&list=PL2xjPbQaM7JZ_FmXwTAesiAciHEPlGmiW}}
}
@misc{craftPix,
  key = {craftPix},
  title = {craftPix},
  note = {\url{https://craftpix.net/categorys/sprites/}}
}
